  %         \item subitem 1
  %         \item subitem 2
  %         \begin{itemize}
      %             \item subsubitem 1
      %             \item subsubitem 2
      %         \end{itemize}
  %         \item subitem 3
  %     \end{enumerate}
%%% master.tex file:
%%% TODO: %%%todo{a comment in the margin}Comments can be included with \verb|\todo{text}| for comments in the %margin and \verb|[inline]{text}| for comments in the text. Do % TODO: % not use \verb|\todo|-comments within other %environments (e.g. figures, tables, etc.)
%%% TODO: %%%%todo[inline, color=green]{a green inline comment}
%%% TODO: %%%%todo{differentiation between separate 'List of Abbreviations' and 'Glossary' foreseen?}
%%% TODO: %%%todo{description to convert arbitrary graphs and documents (e.g. powerpoint slides) into pdf/a %documents using printer functionality}
%%% TODO: %%%todo{other useful things for pdf/a compatibility using Acrobat Professional}
%%% TODO: %%%todo{an BB: Diesen Abschnitt bitte auf Korrektheit pr√ºfen}
%%% TODO: %%%todo{an BJ: Subfolder mit CTD Example-Datei erzeugen und als screenshot-Figure einbinden}
@ELECTRONIC{Q1E,
    author = {{International Conference on Harmonization}},
    shorthand = {{International Conference on Harmonization (2004)}},
    month = {6},
    year = {2004},
    title = {Guidance for Industry: Q1E Evaluation of Stability Data.},
    url =
    {http://www.fda.gov/downloads/Drugs/GuidanceComplianceRegulatoryInformation/Guidances/UCM073380.pdf},
    urldate = {2014-06-28},
    owner = {Barbara Bredner},
    timestamp = {2014.07.10}
}

@BOOK{Berndt2008,
    title={LaTeX. Eine typographische Einf{\"u}hrung.},
    shorthand = {Berndt (2008)},
    author={Tobias Berndt},
    publisher={Addison Wesley},
    year={2008},
    isbn={9783827326591},
    owner={Barbara Bredner},
    timestamp={2014.07.11},
}

@BOOK{Krishnamoorthy,
    title = {Statistical Tolerance Regions: Theory, Applications, and Computation},
    shorthand = {Krishnamoorthy (2009)},
    publisher = {Wiley},
    year = {2009},
    author = {Kalimuthu Krishnamoorthy and Thomas Mathew},
    isbn = {9780470380260},
    owner = {Barbara Bredner},
    timestamp = {2014.05.13},
    totalpages = {461}
}

@BOOK{MontgomeryQC2012,
    title = {Introduction to Statistical Quality Control},
    publisher = {Wiley},
    year = {2012},
    author = {Douglas C. Montgomery},
    edition = {7},
    isbn = {9781118146811},
    owner = {Barbara Bredner},
    timestamp = {2013.06.14},
    totalpages = {768}
}

@ELECTRONIC{EBE,
    author = {{European Biopharmaceutical Enterprises}},
    month = {03},
    year = {2013},
    title = {Considerations in Setting Specifications},
    organization = {{European Biopharmaceutical Enterprises} (EBE)},
    address = {Leopold Plaza Building, Rue du Tr{\^o}ne 108, BE-1050 Brussels},
    url = {http://www.ebe-biopharma.eu/documents/47/25/Considerations-in-Setting-Specifications},
    urldate = {2014-07-11},
    owner = {Barbara Bredner},
    pages = {1-26},
    timestamp = {2014.05.13}
}
