  %         \item subitem 1
  %         \item subitem 2
  %         \begin{itemize}
      %             \item subsubitem 1
      %             \item subsubitem 2
      %         \end{itemize}
  %         \item subitem 3
  %     \end{enumerate}
%%% master.tex file:
%%% TODO: %%%todo{a comment in the margin}Comments can be included with \verb|\todo{text}| for comments in the %margin and \verb|[inline]{text}| for comments in the text. Do % TODO: % not use \verb|\todo|-comments within other %environments (e.g. figures, tables, etc.)
%%% TODO: %%%%todo[inline, color=green]{a green inline comment}
%%% TODO: %%%%todo{differentiation between separate 'List of Abbreviations' and 'Glossary' foreseen?}
%%% TODO: %%%todo{description to convert arbitrary graphs and documents (e.g. powerpoint slides) into pdf/a %documents using printer functionality}
%%% TODO: %%%todo{other useful things for pdf/a compatibility using Acrobat Professional}
%%% TODO: %%%todo{an BB: Diesen Abschnitt bitte auf Korrektheit pr√ºfen}
%%% TODO: %%%todo{an BJ: Subfolder mit CTD Example-Datei erzeugen und als screenshot-Figure einbinden}
